@misc{zfp_fpzip,
  author = {{Peter Lindstrom} and others},
  title = {{zfp \& fpzip: Floating Point Compression}},
  howpublished = "\url{http://computation.llnl.gov/projects/floating-point-compression}",
  note = {[Online; accessed 30-March-2016]}
}

@misc{gzip,
  author = {{Jean-loup Gailly}, {Mark Adler}},
  title = {{zlib 1.1.4 Manual}},
  howpublished = "\url{http://www.gzip.org/zlib/manual.html}",
  note = {[Online; accessed 30-March-2016]}
}
