@article{Quelle2012,
	author   = {Vorname Nachname},
	title    = {{Titel des Artikels}},
	year     = {2012},
	month    = {10},
	journal  = {Testjournal},
	number   = {2},
	pages    = {1--42},
	abstract = {Testabstract},
	url      = {http://www.testurl.de/test.pdf},
}
