@article{Quelle2012,
	author   = {Vorname Nachname},
	title    = {{Titel des Artikels}},
	year     = {2012},
	month    = {10},
	journal  = {Testjournal},
	number   = {2},
	pages    = {1--42},
	abstract = {Testabstract},
	url      = {http://www.testurl.de/test.pdf},
}

@misc{wiki:dc,
 author = "Wikipedia",
 title = "Data compression --- Wikipedia{,} The Free Encyclopedia",
 year = "2016",
 howpublished = "\url{https://en.wikipedia.org/wiki/Data_compression#cite_note-mahdi53-2}",
 note = "[Online; accessed 13-April-2016]"
}

@misc{cern_data,
 author = "Cian O'Luanaigh",
 title = "{Processing: What to record?}",
 year = "2012",
 howpublished = "\url{http://cds.cern.ch/record/1997399}",
 note = "[Online; accessed 13-April-2016]"
}

@misc{clim_data,
 author = "Doug Woodwell",
 title = "The basics of climate change research",
 year = "2014",
 howpublished = "\url{https://woodwellontheworld.net/2014/05/10/the-basics-of-climate-change-research/}",
 note = "[Online; accessed 13-April-2016]"
}

@misc{strg_cap,
 author = "Max-Plack-Institut f√ºr Meteorologie",
 title = "High-Performance Computer 'Mistral' at German Climate Computing Center",
 year = "2015",
 howpublished = "\url{http://www.mpimet.mpg.de/en/communication/news/focus-on-overview/high-performance-computer-mistral-at-german-climate-computing-center/}",
 note = "[Online; accessed 13-April-2016]"
}

@misc{data_graph,
 author = "Linda Barney",
 title = "New DKRZ Mistral Supercomputer Enhances Climate Modeling Capabilities",
 year = "2016",
 howpublished = "\url{http://www.scientificcomputing.com/articles/2016/01/new-dkrz-mistral-supercomputer-enhances-climate-modeling-capabilities}",
 note = "[Online; accessed 13-April-2016]"
}

http://www.scientificcomputing.com/articles/2016/01/new-dkrz-mistral-supercomputer-enhances-climate-modeling-capabilities
http://www.mpimet.mpg.de/en/communication/news/focus-on-overview/high-performance-computer-mistral-at-german-climate-computing-center/
https://woodwellontheworld.net/2014/05/10/the-basics-of-climate-change-research/
http://home.cern/about/computing/processing-what-record
